<?xml version="1.0" encoding="UTF-8"?><collection xmlns="http://www.loc.gov/MARC21/slim"><record><leader>00478nam--2200157-i-4500</leader><controlfield tag="001">000005073</controlfield><controlfield tag="002">20161230</controlfield><controlfield tag="005">20170305193004</controlfield><controlfield tag="008">060222s1000------------r-----000-0-eng-d</controlfield><datafield ind1=" " ind2=" " tag="100"><subfield code="a">Deland, E. C</subfield></datafield><datafield ind1=" " ind2=" " tag="245"><subfield code="a">The steady, axially symmetric flow of a viscous fluid in a deep rotating cylinder heated from below</subfield></datafield><datafield ind1=" " ind2=" " tag="260"><subfield code="a">Berkeley</subfield><subfield code="b">Univ.Of California Press</subfield><subfield code="c">1957</subfield></datafield><datafield ind1=" " ind2=" " tag="300"><subfield code="a">18 p</subfield></datafield><datafield ind1=" " ind2=" " tag="490"><subfield code="a">Univ.Calif.Publ.In Engg</subfield></datafield><datafield ind1=" " ind2=" " tag="700"><subfield code="a">Lance, G. N</subfield></datafield><datafield ind1=" " ind2=" " tag="CAT"><subfield code="a">SYS</subfield><subfield code="c">20170305</subfield><subfield code="h">193004</subfield></datafield></record></collection>